@book{JGC,
  author={J García Carrión},
  title={Página web de J. García Carrión},
  publisher={http://www.donsimon.com/}
}

@book{KRO,
  author={},
  title={Página we de KRONES},
  publisher={http://www.krones.de}
}
 
